<record><leader>00000cas a22000007a 4500</leader><controlfield tag="001">11770581</controlfield><controlfield tag="008">850306d19061958iauwr ne      0    0eng d</controlfield><datafield ind1=" " ind2=" " tag="010"><subfield code="a">sn 85049540 </subfield></datafield><datafield ind1=" " ind2=" " tag="040"><subfield code="a">INP</subfield><subfield code="b">eng</subfield><subfield code="c">INP</subfield><subfield code="d">OCLCQ</subfield></datafield><datafield ind1=" " ind2=" " tag="042"><subfield code="a">msc</subfield></datafield><datafield ind1="0" ind2="4" tag="245"><subfield code="a">The Collins gazette.</subfield></datafield><datafield ind1=" " ind2=" " tag="260"><subfield code="a">Collins, Iowa :</subfield><subfield code="b">E.F. Kluckhohn,</subfield><subfield code="c">-1958.</subfield></datafield><datafield ind1=" " ind2=" " tag="300"><subfield code="a">v. :</subfield><subfield code="b">ill. ;</subfield><subfield code="c">41-56 cm.</subfield></datafield><datafield ind1=" " ind2=" " tag="310"><subfield code="a">Weekly</subfield></datafield><datafield ind1="1" ind2=" " tag="362"><subfield code="a">Began in 1906.</subfield><subfield code="z">Cf. Bibl. of Iowa newspapers.</subfield></datafield><datafield ind1="0" ind2=" " tag="362"><subfield code="a">-v. 67, no. 10 (May 15, 1958).</subfield></datafield><datafield ind1=" " ind2=" " tag="500"><subfield code="a">Publisher varies.</subfield></datafield><datafield ind1=" " ind2=" " tag="500"><subfield code="a">Editor: William Burney, &lt;1906-&gt;.</subfield></datafield><datafield ind1=" " ind2=" " tag="515"><subfield code="a">Dec. 6, 1956, issue misdated Nov. 29, 1956.</subfield></datafield><datafield ind1=" " ind2=" " tag="525"><subfield code="a">Supplements accompany some issues.</subfield></datafield><datafield ind1=" " ind2=" " tag="588"><subfield code="a">Description based on: Vol. 18, no. 1 (May 21, 1908).</subfield></datafield><datafield ind1=" " ind2=" " tag="752"><subfield code="a">United States</subfield><subfield code="b">Iowa</subfield><subfield code="c">Story</subfield><subfield code="d">Collins.</subfield></datafield><datafield ind1="0" ind2="4" tag="780"><subfield code="t">Collins clipper</subfield><subfield code="w">(DLC)sn 85049538</subfield></datafield><datafield ind1="0" ind2="4" tag="780"><subfield code="t">Liberator (Collins, Iowa)</subfield><subfield code="w">(DLC)sn 85049539</subfield></datafield><datafield ind1="0" ind2="0" tag="785"><subfield code="t">Collins, Iowa, gazette</subfield><subfield code="w">(DLC)sn 85050751</subfield></datafield></record>